<record><leader>00000cas a2200000 a 4500</leader><controlfield tag="001">1746579</controlfield><controlfield tag="008">751030d193019uufluwr ne      0    0eng c</controlfield><datafield ind1=" " ind2=" " tag="010"><subfield code="a">sn 97027570 </subfield></datafield><datafield ind1=" " ind2=" " tag="040"><subfield code="a">FUL</subfield><subfield code="b">eng</subfield><subfield code="c">FUL</subfield><subfield code="d">FUG</subfield><subfield code="d">OCLCQ</subfield><subfield code="d">OCLCF</subfield><subfield code="d">OCLCO</subfield></datafield><datafield ind1="1" ind2=" " tag="029"><subfield code="a">AU@</subfield><subfield code="b">000025931484</subfield></datafield><datafield ind1=" " ind2=" " tag="042"><subfield code="a">pcc</subfield></datafield><datafield ind1=" " ind2=" " tag="043"><subfield code="a">n-us-fl</subfield></datafield><datafield ind1="0" ind2="0" tag="245"><subfield code="a">Winter Haven herald.</subfield></datafield><datafield ind1=" " ind2=" " tag="260"><subfield code="a">Winter Haven, Polk County, Fla. :</subfield><subfield code="b">George L. Burr, Jr.</subfield></datafield><datafield ind1=" " ind2=" " tag="300"><subfield code="a">v.</subfield></datafield><datafield ind1=" " ind2=" " tag="310"><subfield code="a">Weekly</subfield></datafield><datafield ind1="1" ind2=" " tag="362"><subfield code="a">Began in 1930.</subfield><subfield code="z">Cf. Gregory, W. Amer. newspapers, 1937.</subfield></datafield><datafield ind1=" " ind2=" " tag="588"><subfield code="a">Description based on: Vol. 10, no. 16 (Jan. 4, 1935).</subfield></datafield><datafield ind1=" " ind2=" " tag="588"><subfield code="a">Latest issue consulted: Vol. 44, no. 30 (Dec. 26, 1974).</subfield></datafield><datafield ind1=" " ind2="0" tag="651"><subfield code="a">Winter Haven (Fla.)</subfield><subfield code="v">Newspapers.</subfield></datafield><datafield ind1=" " ind2="0" tag="651"><subfield code="a">Polk County (Fla.)</subfield><subfield code="v">Newspapers.</subfield></datafield><datafield ind1=" " ind2="7" tag="655"><subfield code="a">Newspapers.</subfield><subfield code="2">fast</subfield><subfield code="0">(OCoLC)fst01423814</subfield></datafield><datafield ind1=" " ind2="7" tag="651"><subfield code="a">Florida</subfield><subfield code="z">Polk County.</subfield><subfield code="2">fast</subfield><subfield code="0">(OCoLC)fst01214944</subfield></datafield><datafield ind1=" " ind2="7" tag="651"><subfield code="a">Florida</subfield><subfield code="z">Winter Haven.</subfield><subfield code="2">fast</subfield><subfield code="0">(OCoLC)fst01215617</subfield></datafield><datafield ind1=" " ind2=" " tag="752"><subfield code="a">United States</subfield><subfield code="b">Florida</subfield><subfield code="c">Polk</subfield><subfield code="d">Winter Haven.</subfield></datafield><datafield ind1="0" ind2="0" tag="780"><subfield code="t">Tri-city times (Winter Haven, Fla.)</subfield></datafield><datafield ind1="0" ind2="5" tag="780"><subfield code="t">Lake Alfred sun</subfield></datafield></record>